@article{pub2004standards,
  title={Standards for security categorization of federal information and information systems},
  author={Pub, FIPS},
  journal={NIST FIPS},
  volume={199},
  year={2004}
}

@article{tu2015rethinking,
  title={Rethinking virtual currency regulation in the Bitcoin age},
  author={Tu, Kevin V and Meredith, Michael W},
  journal={Wash. L. Rev.},
  volume={90},
  pages={271},
  year={2015},
  publisher={HeinOnline}
}

@techreport{nakamoto2019bitcoin,
  title={Bitcoin: A peer-to-peer electronic cash system},
  author={Nakamoto, Satoshi},
  year={2019},
  institution={Manubot}
}

@article{rogaway2015moral,
  title={The Moral Character of Cryptographic Work.},
  author={Rogaway, Phillip},
  journal={IACR Cryptol. ePrint Arch.},
  volume={2015},
  pages={1162},
  year={2015}
}

@article{winner1980artifacts,
  title={Do artifacts have politics?},
  author={Winner, Langdon},
  journal={Daedalus},
  pages={121--136},
  year={1980},
  publisher={JSTOR}
}

@article{burdin2009new,
  title={New evidence on wages and employment in worker cooperatives compared with capitalist firms},
  author={Burdin, Gabriel and Dean, Andr{\'e}s},
  journal={Journal of Comparative Economics},
  volume={37},
  number={4},
  pages={517--533},
  year={2009},
  publisher={Elsevier}
}

@article{pacheco2008escola,
  title={Escola da ponte},
  author={Pacheco, Jos{\'e}},
  journal={Forma{\c{c}}{\~a}o e Transforma{\c{c}}{\~a}o da Educa{\c{c}}{\~a}o. Sl},
  year={2008}
}

@article{kavada2020counterpublics,
  title={From Counterpublics to Contentious Publicness: Tracing the Temporal, Spatial, and Material Articulations of Popular Protest Through Social Media},
  author={Kavada, Anastasia and Poell, Thomas},
  journal={Communication Theory},
  year={2020}
}

@article{leiba2012oauth,
  title={Oauth web authorization protocol},
  author={Leiba, Barry},
  journal={IEEE Internet Computing},
  volume={16},
  number={1},
  pages={74--77},
  year={2012},
  publisher={IEEE}
}


@article{shamir1979share,
  title={How to share a secret},
  author={Shamir, Adi},
  journal={Communications of the ACM},
  volume={22},
  number={11},
  pages={612--613},
  year={1979},
  publisher={ACm New York, NY, USA}
}

@book{lindenfeld1982workplace,
  title={Workplace democracy and social change},
  author={Lindenfeld, Frank},
  year={1982},
  publisher={Extending Horizons Books}
}

@book{wright2014worker,
  title={Worker cooperatives and revolution: History and possibilities in the United States},
  author={Wright, Chris},
  year={2014},
  publisher={BookLocker}
}

@incollection{jackall19846,
  title={6. Paradoxes of Collective Work: A Study of the Cheeseboard, Berkeley, California},
  author={Jackall, Robert},
  booktitle={Worker cooperatives in America},
  pages={109--136},
  year={1984},
  publisher={University of California Press}
}

@inproceedings{castro1999practical,
  title={Practical byzantine fault tolerance},
  author={Castro, Miguel and Liskov, Barbara and others},
  booktitle={OSDI},
  volume={99},
  number={1999},
  pages={173--186},
  year={1999}
}

@incollection{lamport2019part,
  title={The part-time parliament},
  author={Lamport, Leslie},
  booktitle={Concurrency: the Works of Leslie Lamport},
  pages={277--317},
  year={2019}
}

@misc{ongaro2013search,
  title={In search of an understandable consensus algorithm (extended version)},
  author={Ongaro, Diego and Ousterhout, John},
  year={2013},
  publisher={Tech Report. May, 2014. http://ramcloud. stanford. edu/Raft. pdf}
}

@inproceedings{blakley1993linear,
  title={Linear algebra approach to secret sharing schemes},
  author={Blakley, GR and Kabatianskii, GA},
  booktitle={Workshop on Information Protection},
  pages={33--40},
  year={1993},
  organization={Springer}
}

@inproceedings{chor1985verifiable,
  title={Verifiable secret sharing and achieving simultaneity in the presence of faults},
  author={Chor, Benny and Goldwasser, Shafi and Micali, Silvio and Awerbuch, Baruch},
  booktitle={26th Annual Symposium on Foundations of Computer Science (sfcs 1985)},
  pages={383--395},
  year={1985},
  organization={IEEE}
}

@inproceedings{whitten1999johnny,
  title={Why Johnny Can't Encrypt: A Usability Evaluation of PGP 5.0.},
  author={Whitten, Alma and Tygar, J Doug},
  booktitle={USENIX Security Symposium},
  volume={348},
  pages={169--184},
  year={1999}
}

@article{gerbaudo2017social,
  title={Social media teams as digital vanguards: the question of leadership in the management of key Facebook and Twitter accounts of Occupy Wall Street, Indignados and UK Uncut},
  author={Gerbaudo, Paolo},
  journal={Information, Communication \& Society},
  volume={20},
  number={2},
  pages={185--202},
  year={2017},
  publisher={Taylor \& Francis}
}

@article{dennis1966programming,
  title={Programming semantics for multiprogrammed computations},
  author={Dennis, Jack B and Van Horn, Earl C},
  journal={Communications of the ACM},
  volume={9},
  number={3},
  pages={143--155},
  year={1966},
  publisher={ACM New York, NY, USA}
}

@inproceedings{heilman2015eclipse,
  title={Eclipse attacks on bitcoin’s peer-to-peer network},
  author={Heilman, Ethan and Kendler, Alison and Zohar, Aviv and Goldberg, Sharon},
  booktitle={24th $\{$USENIX$\}$ Security Symposium ($\{$USENIX$\}$ Security 15)},
  pages={129--144},
  year={2015}
}

@inproceedings{bonneau2018hostile,
  title={Hostile blockchain takeovers (short paper)},
  author={Bonneau, Joseph},
  booktitle={International Conference on Financial Cryptography and Data Security},
  pages={92--100},
  year={2018},
  organization={Springer}
}

@misc{m4bl2021,
  title={Policy Platforms: Community Control},
  note="\url{https://m4bl.org/policy-platforms/community-control/}",
  author={M4BL}
}

@misc{bitcoinForks,
    title="A History of Bitcoin Hard Forks",
    note="\url{https://www.investopedia.com/tech/history-bitcoin-hard-forks/}",
    author="Investopedia"
}

@misc{EthDAOHack,
    title="What was the DAO?",
    note="\url{https://www.gemini.com/cryptopedia/the-dao-hack-makerdao}",
    author="Cryptopedia Staff"
}

@article{kavada2015creating,
  title={Creating the collective: social media, the Occupy Movement and its constitution as a collective actor},
  author={Kavada, Anastasia},
  journal={Information, Communication and Society},
  volume={18},
  number={8},
  pages={872--886},
  year={2015},
  publisher={Routledge, part of the Taylor \& Francis Group}
}

@book{sitrin2012everyday,
  title={Everyday revolutions: Horizontalism and autonomy in Argentina},
  author={Sitrin, Marina A},
  year={2012},
  publisher={Bloomsbury Publishing}
}

@inproceedings{sybil1,
	abstract = "Large-scale peer-to-peer systems face security threats from faulty or hostile remote computing elements. To resist these threats, many such systems employ redundancy. However, if a single faulty entity can present multiple identities, it can control a substantial fraction of the system, thereby undermining this redundancy. One approach to preventing these “Sybil attacks” is to have a trusted agency certify identities. This paper shows that, without a logically centralized authority, Sybil attacks are always possible except under extreme and unrealistic assumptions of resource parity and coordination among entities.",
	address = "Berlin, Heidelberg",
	author = "Douceur, John R.",
	booktitle = "Peer-to-Peer Systems",
	editor = "Druschel, Peter and Kaashoek, Frans and Rowstron, Antony",
	isbn = "978-3-540-45748-0",
	pages = "251–260",
	publisher = "Springer Berlin Heidelberg",
	title = "The Sybil Attack",
	year = "2002"
}

@article{sybil2,
	abstract = {Sybil attack is considered one of the most damaged attack that menace structured p2p overlay networks. It's the most sophisticated node active, used for a variety of illicit activities. A key requirement for these activities is the ability of such malicious user to generate a huge number of node identifiers and possibly choose some of them in order to disrupt availability and integrity in such systems. This paper highlights the problem of Sybil attack and presents a Sybil tracking process to deal with such problem.},
	author = {Zied Trifa and Maher Khemakhem},
	doi = {10.1016/j.procs.2014.05.544},
	issn = {1877-0509},
	journal = {Procedia Computer Science},
	keywords = {Structured p2p overlay networks, Chord, Sybil Attack, Monitoring, Tracking ;},
	note = {The 5th International Conference on Ambient Systems, Networks and Technologies (ANT-2014), the 4th International Conference on Sustainable Energy Information Technology (SEIT-2014)},
	pages = {1135–1140},
	title = {Sybil Nodes as a Mitigation Strategy Against Sybil Attack},
	url = {https://www.sciencedirect.com/science/article/pii/S1877050914007443},
	volume = {32},
	year = {2014}
}

@book{coleman-oss,
  title={Coding freedom},
  author={Coleman, E Gabriella},
  year={2012},
  publisher={Princeton University Press}
}
